@inproceedings{flanagan2002predicate,
  title={Predicate abstraction for software verification},
  author={Flanagan, Cormac and Qadeer, Shaz},
  booktitle={ACM SIGPLAN Notices},
  volume={37},
  number={1},
  pages={191--202},
  year={2002},
  organization={ACM}
}

@inproceedings{sousa2016cartesian,
  title={Cartesian hoare logic for verifying k-safety properties},
  author={Sousa, Marcelo and Dillig, Isil},
  booktitle={ACM SIGPLAN Notices},
  volume={51},
  number={6},
  pages={57--69},
  year={2016},
  organization={ACM}
}

@inproceedings{terauchi2005secure,
  title={Secure information flow as a safety problem},
  author={Terauchi, Tachio and Aiken, Alex},
  booktitle={International Static Analysis Symposium},
  pages={352--367},
  year={2005},
  organization={Springer}
}

@article{alpern1987recognizing,
  title={Recognizing safety and liveness},
  author={Alpern, Bowen and Schneider, Fred B},
  journal={Distributed computing},
  volume={2},
  number={3},
  pages={117--126},
  year={1987},
  publisher={Springer}
}

@inproceedings{beyer2011cpachecker,
  title={CPAchecker: A tool for configurable software verification},
  author={Beyer, Dirk and Keremoglu, M Erkan},
  booktitle={International Conference on Computer Aided Verification},
  pages={184--190},
  year={2011},
  organization={Springer}
}

@inproceedings{barthe2011relational,
  title={Relational verification using product programs},
  author={Barthe, Gilles and Crespo, Juan Manuel and Kunz, C{\'e}sar},
  booktitle={International Symposium on Formal Methods},
  pages={200--214},
  year={2011},
  organization={Springer}
}

@inproceedings{logozzo2014verification,
  title={Verification modulo versions: Towards usable verification},
  author={Logozzo, Francesco and Lahiri, Shuvendu K and F{\"a}hndrich, Manuel and Blackshear, Sam},
  booktitle={ACM SIGPLAN Notices},
  volume={49},
  number={6},
  pages={294--304},
  year={2014},
  organization={ACM}
}

@inproceedings{lahiri2013differential,
  title={Differential assertion checking},
  author={Lahiri, Shuvendu K and McMillan, Kenneth L and Sharma, Rahul and Hawblitzel, Chris},
  booktitle={Proceedings of the 2013 9th Joint Meeting on Foundations of Software Engineering},
  pages={345--355},
  year={2013},
  organization={ACM}
}

@misc{schneier2008, title={Random Number Bug in Debian Linux}, url={https://www.schneier.com/blog/archives/2008/05/random_number_b.html}, journal={Schneier on Security}, author={Schneier, Bruce}, year={2008}, month={May}}

@misc{hovav2016, title={An Investigation of the FreeBSD r278907 RNG Bugfix}, url={https://www.cs.utexas.edu/~hovav/dist/freebsd.pdf}, journal={}, author={Shacham, Hovav and Lian, Wilson and Savage, Stefan}, year={2016}, month={October}}
